@book{bruyn2007noncommutative,
  title={Noncommutative Geometry and Cayley-smooth Orders},
  author={Bruyn, L.L.},
  isbn={9781420064230},
  lccn={2007019964},
  series={Chapman \& Hall/CRC Pure and Applied Mathematics},
  url={https://books.google.com/books?id=-3xaQ6ZHUmMC},
  year={2007},
  publisher={CRC Press}
}

@misc{milne2012lectures,
author={Milne, J.S.},
title={Lectures on Etale Cohomology (v2.10)},
year={2008},
note={Available at www.jmilne.org/math/},
pages={196}
}


@book{milne1980etale,
  title={Etale Cohomology (PMS-33)},
  author={Milne, J.S.},
  isbn={9780691082387},
  lccn={lc79084003},
  series={Princeton mathematical series},
  url={https://books.google.com/books?id=uAT4T4BXC50C},
  year={1980},
  publisher={Princeton University Press}
}

@book{freitag2012etale,
  title={Etale Cohomology and the Weil Conjecture},
  author={Freitag, E. and Dieudonne, J.A. and Waterhouse, B.S. and Waterhouse, W.C. and Kiehl, R.},
  isbn={9783662025437},
  series={Ergebnisse der Mathematik und ihrer Grenzgebiete. 3. Folge / A Series of Modern Surveys in Mathematics},
  url={https://books.google.com/books?id=G4ncnQEACAAJ},
  year={2012},
  publisher={Springer Berlin Heidelberg}
}

@inproceedings{artin1972some,
  title={Some elementary examples of unirational varieties which are not rational},
  author={Artin, Michael and Mumford, David},
  booktitle={Proc. London math. soc.(3)},
  volume={25},
  number={75-95},
  pages={3},
  year={1972}
}

@article{nitsure2005construction,
  title={Construction of Hilbert and Quot schemes},
  author={Nitsure, Nitin},
  journal={arXiv preprint math/0504590},
  year={2005}
}

@article{vistoli2008notes,
  title={Notes on Grothendieck topologies, fibrered categories and descent theory, ht tp},
  author={Vistoli, A},
  journal={homepage. sns. it/vistoli/descent. pdf},
  year={2008}
}

@unpublished{Artin&deJong,
author = "M. Artin, D. Chan and A.J. de Jong",
title = "Terminal Orders over Surfaces",
note = "Unpublished manuscript"}

@book{reiner1975maximal,
  title={Maximal orders},
  author={Reiner, I.},
  isbn={9780125866507},
  lccn={74018504},
  series={L.M.S. monographs},
  url={https://books.google.com/books?id=6gHvAAAAMAAJ},
  year={1975},
  publisher={Academic Press}
}

@book{giraud1971cohomologie,
  title={Cohomologie non ab{\'e}lienne},
  author={Giraud, J.},
  isbn={9783540053071},
  lccn={lc78146049},
  series={Grundlehren der mathematischen Wissenschaften},
  url={https://books.google.com/books?id=TLorAAAAYAAJ},
  year={1971},
  publisher={Springer}
}

@book{gille2006central,
  title={Central Simple Algebras and Galois Cohomology},
  author={Gille, P. and Szamuely, T.},
  isbn={9781139458726},
  series={Cambridge Studies in Advanced Mathematics},
  url={https://books.google.com/books?id=HFsxkvLtl\_QC},
  year={2006},
  publisher={Cambridge University Press}
}

